<?xml version="1.0" encoding="UTF-8"?><collection xmlns="http://www.loc.gov/MARC21/slim"><record><leader>00530nam--2200145-i-4500</leader><controlfield tag="001">000037410</controlfield><controlfield tag="002">20161230</controlfield><controlfield tag="005">20161230201041</controlfield><controlfield tag="008">060222s1000------------r-----000-0-eng-d</controlfield><datafield ind1=" " ind2=" " tag="080"><subfield code="a">621.38.004.6</subfield></datafield><datafield ind1=" " ind2=" " tag="100"><subfield code="a">Navratil, Stanislav</subfield></datafield><datafield ind1=" " ind2=" " tag="245"><subfield code="a">Reglarea tensiunii generatoarelor sincrone cu excitatoare de curent alternativ si redresoare.(in lb. germana)</subfield></datafield><datafield ind1=" " ind2=" " tag="260"><subfield code="a">Bucuresti, Consiliul National Al Inginerilor Si Tehnicienilor, 1969. 22p</subfield></datafield><datafield ind1=" " ind2=" " tag="490"><subfield code="a">A Doua Conferinta A Electricienilor.Sectia Actionari Electrice</subfield></datafield><datafield ind1=" " ind2=" " tag="852"><subfield code="a">31660</subfield></datafield></record></collection>